@article{probabilistic,
  title={A Probabilistic Proof of a Formula for the Number of Young Tableaux of a Given Shape},
  author={Curtis Greene, Albert Nijenhuis, Herbert S. Wilf},
  publisher={Department of Mathematics, University of Pennsylvania, Philadelphia, Pennsylvania},
  year={1917.4}
}