@MISC {Diagonal_travel,
    TITLE = {Number of paths that lie under the diagonal},
    AUTHOR = {user84413 (https://math.stackexchange.com/users/84413/user84413)},
    HOWPUBLISHED = {Mathematics Stack Exchange},
    NOTE = {URL:https://math.stackexchange.com/q/1270413 (version: 2015-05-06)},
    EPRINT = {https://math.stackexchange.com/q/1270413},
    URL = {https://math.stackexchange.com/q/1270413}
}